@misc{GLFW_citation,
    note = {Documentația oficială GLFW},
    url = {https://www.glfw.org/}
}

@misc{ImGui_citation,
    note = {Documentația oficială ImGui},
    url = {https://www.dearimgui.com/}
}

@misc{GLM_citation,
    note = {Documentația oficială GLM},
    url = {https://glm.g-truc.net/0.9.9/}
}

@misc{Premake5_citation,
    note = {Documentația oficială Premake5},
    url = {https://premake.github.io/}
}

@misc{VulkanSDK-Windows_citation,
    note = {Documentația oficială VulkanSDK Windows},
    url = {https://vulkan.lunarg.com/doc/sdk/latest/windows/getting_started.html}
}

@misc{VulkanSDK-Linux_citation,
    note = {Documentația oficială VulkanSDK Linux},
    url = {https://vulkan.lunarg.com/doc/sdk/latest/linux/getting_started.html}
}

@misc{LUA_citation,
    note = {Documentația oficială LUA},
    url = {https://www.lua.org/}
}

@book{Vulkan-Tutorial_citation,
    author = {Alexander Overvoorde},
    title = {Vulkan Tutorial},
    year = {2023},
    url = {https://vulkan-tutorial.com/resources/vulkan_tutorial_en.pdf}
}

@article{FrameTimesVisualization_citation,
    author = {Adam Sawicki},
    title = {An Idea for Visualization of Frame Times},
    year = {2022},
    month = may,
    url = {https://asawicki.info/news_1758_an_idea_for_visualization_of_frame_times}
}

@misc{KhronosGroup_citation,
    note = {Platforma web oficială a organizației Khronos Group},
    url = {https://www.khronos.org}
}

@misc{GIT_citation,
    note = {Documentația oficială GIT},
    url = {https://git-scm.com/}
}

@misc{ReleasesURL_citation,
    note = {Pagina web de unde poate fi descărcată aplicația},
    url = {https://github.com/sebimih13/Particle-System/releases}
}

@misc{VisualStudio-citation,
    note = {Documentația oficială Microsoft Visual Studio},
    url = {https://learn.microsoft.com/en-us/visualstudio/get-started/visual-studio-ide?view=vs-2022https://learn.microsoft.com/en-us/visualstudio/get-started/visual-studio-ide?view=vs-2022}
}

@misc{Make_citation,
    note = {Documentația oficială GNU Make},
    url = {https://www.gnu.org/software/make/manual/make.html}
}

@misc{MSBuild_citation,
    note = {Documentația oficială Microsoft MSBuild},
    url = {https://learn.microsoft.com/en-us/visualstudio/msbuild/msbuild?view=vs-2022}
}

@misc{MoltenVK_citation,
    note = {Documentația oficială MoltenVK},
    url = {https://www.moltengl.com/docs/readme/moltenvk-readme-user-guide.html}
}

@misc{PushConstantsSizeLimits_citation,
    note = {Documentația oficială Vulkan, secțiunea \textit{Limit Requirements} - Table 2. Required Limits, maxPushConstantsSize - Limit Type = min 128 (Vulkan Core) / 256 (Vulkan 1.4)},
    url = {https://docs.vulkan.org/spec/latest/chapters/limits.html#limits-minmax}
}

@misc{Offset-and-Stride-Assignment_citation,
    note = {Documentația oficială Vulkan, secțiunea \textit{Offset and Stride Assignment} - "A scalar of size N has a scalar alignment of N"},
    url = {https://docs.vulkan.org/spec/latest/chapters/interfaces.html#interfaces-resources-layout}
}

@misc{nlohmann-json_citation,
    note = {Documentația oficială nlohmann JSON},
    url = {https://json.nlohmann.me/api/basic_json/}
}

@misc{Pixar-Animation-Rendering_citation,
    url = {https://sciencebehindpixar.org/pipeline/rendering},
    note = {Pixar Animation Studios - "Each frame in this scene took about 50 hours to render. Pixar has a huge "render farm," which is basically a supercomputer composed of 2000 machines, and 24,000 cores. This makes it one of the 25 largest supercomputers in the world. That said, with all that computing power, it still took two years to render Monster's University."}
}

@book{VulkanPhilosophy_citation,
    author = {Graham Sellers; with contributions from John Kessenich},
    title = {Vulkan Programming Guide: The Official Guide to Learning Vulkan},
    publisher = {Addison-Wesley Professional},
    issue_date = {October 31, 2016},
    pages = {21–22}
}

@misc{VulkanPipeline_citation,
    note = {Documentația oficială Vulkan},
    url = {https://docs.vulkan.org/spec/latest/chapters/pipelines.html}
}

@article{ParticleEffectsUE4_citation,
    author = {Juan Zhang},
    title = {Implementation and Optimization of Particle Effects based on Unreal Engine 4},
    year = {2020},
    url = {https://iopscience.iop.org/article/10.1088/1742-6596/1575/1/012187/pdf}
}

@misc{UnrealEngineGPUSprites_citation,
    note = {Documentația oficială Unreal Engine},
    url = {https://dev.epicgames.com/documentation/en-us/unreal-engine/gpusprites-type-data?application_version=4.27}
}

@misc{UnrealEngineGPUSpritesNiagara_citation,
    note = {Documentația oficială Unreal Engine},
    url = {https://dev.epicgames.com/documentation/en-us/unreal-engine/how-to-create-a-gpu-sprite-effect-in-niagara-for-unreal-engine}
}

@misc{UnrealEngine_citation,
    note = {Documentația oficială Unreal Engine},
    url = {https://www.unrealengine.com/en-US}
}

@article{GPUParticleSystem_citation,
    author = {Lutz Latta},
    title = {Building a Million-Particle System},
    year = {2004},
    month = jul
}

@article{ParticleSystemDefinition_citation,
    author = {William T. Reeves},
    title = {Particle Systems A Technique for Modeling a Class of Fuzzy Objects},
    year = {1983},
    month = Jul
}

@article{CPUParticleSystem_citation,
    author = {John van der Burg},
    title = {Building an Advanced Particle System},
    year = {2000},
    month = jun
}

@article{ParallelArchitectures_citation,
    author = {Michael J. Flynn and Kevin W. Rudd},
    title = {Parallel Architectures},
    url = {https://dl.acm.org/doi/pdf/10.1145/234313.234345},
    year = {1996},
    month = Mar
}

@inproceedings{MSAA_citation,
    author = {Jorge Jimenez and Diego Gutierrez and Jason Yang and Alexander Reshetov and
              Pete Demoreuille and Tobias Berghoff and Cedric Perthuis and Henry Yu and
              Morgan McGuire and Timothy Lottes and Hugh Malan and Emil Persson and
              Dmitry Andreev and Tiago Sousa},
    title = {Filtering Approaches for Real-Time Anti-Aliasing},
    booktitle = {ACM SIGGRAPH Courses},
    year = {2011},
    url = {https://www.iryoku.com/aacourse/}
}

@misc{DireX12Ultimate_citation,
    note = {Documentația oficială Microsoft DirectX 12 Ultimate},
    url = {https://www.nvidia.com/en-us/geforce/technologies/directx-12-ultimate/}
}

@misc{Metal_citation,
    note = {Documentația oficială Apple Metal},
    url = {https://developer.apple.com/metal/}
}

@misc{GithubRepository_citation,
    note = {Pagina web a proiectului},
    url = {https://github.com/sebimih13/Particle-System}
}

@book{RAII_citation,
    author = {Bjarne Stroustrup},
    title = {The C++ Programming Language - Fourth Edition},
    publisher = {Addison-Wesley},
    issue_date = {May 19, 2013},
    pages = {354–357},
    note = {Secțiunea \textit{13.3 Resource Management}}
}

